% This file was created with JabRef 2.11.1.
% Encoding: utf8


@Standard{dstu3008,
  Title                    = {ДСТУ~3008:2015 Звіти у сфері науки і техніки},
  Institution              = {Український інститут науково-технічної і економічної інформації. Технічний комітет стандартизації <<Інформація і документація>>},
  Address                  = {К.},
  Author                   = {Земцева, В. and Поліщук, Ю. and Санченко, Р. and Шрамко, Л. and Ямчук, А.},
  Language                 = {ukrainian},
  Year                     = {2015}
}

@Book{koterov,
  Title                    = {PHP 5 В Подлиннике},
  Author                   = {Д. Котеров and А. Костарев},
  Publisher                = {БХВ-Петербург},
  Year                     = {2006},
  Address                  = {В подлиннике},
  Edition                  = {3-е},
  Owner                    = {solidol},
  Pages                    = {1104},
  Timestamp                = {2012.09.07}
}

