% Encoding: windows-1251

@Book{koterov,
  title     = {PHP 5 В Подлиннике},
  publisher = {БХВ-Петербург},
  year      = {2006},
  author    = {Д. Котеров and А. Костарев},
  address   = {В подлиннике},
  edition   = {3-е},
  language  = {russian},
  numpages  = {1104},
  owner     = {solidol},
  timestamp = {2012.09.07},
}

@Book{php001,
  title    = {PHP, MySQL, JavaScript \& HTML5 All-in-One For Dummies},
  year     = {2013},
  author   = {Valade, Janet and Suehring, Steve},
  language = {english},
}

@Book{wp2012wordpress,
  title     = {WordPress для профессионалов},
  publisher = {Эксмо},
  year      = {2012},
  author    = {Хассей, Т.},
  isbn      = {9785699547098},
  language  = {russian},
  url       = {https://books.google.com.ua/books?id=37zQkQEACAAJ},
}

@Book{wp002,
  title     = {Создаем свой сайт на WordPress: быстро, легко и бесплатно},
  publisher = {Питер},
  year      = {2010},
  author    = {Грачев, Андрей},
  isbn      = {9785498079394},
  language  = {russian},
  url       = {https://books.google.com.ua/books?id=Z\_RZ0PHYb9kC},
}

@Book{2013joomla,
  title     = {Joomla! 3.0. Официальное руководство},
  publisher = {Питер},
  year      = {2013},
  author    = {Дженнифер, М. and Элин, У.},
  isbn      = {9785496006637},
  language  = {russian},
  url       = {https://books.google.com.ua/books?id=MsLDCwAAQBAJ},
}

@Book{kuznetsov2007,
  title     = {Самоучитель MySQL 5},
  publisher = {БХВ-Петербург},
  year      = {2007},
  author    = {Кузнецов, М.В.},
  series    = {Самоучитель},
  isbn      = {9785941577545},
  language  = {russian},
  url       = {https://books.google.com.ua/books?id=SHuaVtueQlEC},
}

@Book{2012php,
  title     = {PHP. Практика создания Web-сайтов, 2 изд.},
  publisher = {БХВ-Петербург},
  year      = {2012},
  author    = {Кузнецов, М.В.},
  series    = {Профессиональное программирование},
  isbn      = {9785977502030},
  language  = {russian},
  url       = {https://books.google.com.ua/books?id=yBc8G7O\_pAoC},
}

@Book{20081s,
  title     = {1С. Битрикс: постройте профессиональный сайт сами},
  publisher = {Питер},
  year      = {2008},
  author    = {Басыров, Р.И.},
  isbn      = {9785388002716},
  language  = {russian},
  url       = {https://books.google.com.ua/books?id=p5XN-8-Iog8C},
}

@Book{web2008,
  title     = {Веб-мастеринг: HTML, CSS, JavaScript, PHP, CMS, графика, раскрутка: Html, Css, Javascript, Php, Cms, Grafika, Raskrutka},
  publisher = {Питер},
  year      = {2008},
  author    = {Ташков, П.А.},
  series    = {На 100проц},
  isbn      = {9785388007551},
  language  = {russian},
  url       = {https://books.google.com.ua/books?id=\_en3o2F1RYcC},
}

@Book{thalheim2000entity,
  title     = {Entity-Relationship Modeling: Foundations of Database Technology},
  publisher = {Springer},
  year      = {2000},
  author    = {Thalheim, B.},
  series    = {Lecture notes in computer science},
  isbn      = {9783540654704},
  language  = {english},
  lccn      = {99051358},
  url       = {https://books.google.com.ua/books?id=Xc3HAnPVQAYC},
}

@Book{ilush2014osnovi,
  title     = {Основы использования и проектирования баз данных: учебник для академического бакалавриа},
  publisher = {Юрайт},
  year      = {2014},
  author    = {Илюшечкин, В.М.},
  series    = {Бакалавр. Академический кур},
  address   = {М.},
  isbn      = {9785991641722},
  language  = {russian},
  numpages  = {213},
  url       = {https://books.google.com.ua/books?id=BYUyDQAAQBAJ},
}

@Book{mois2012,
  title     = {Проектирование баз данных. Нормализация как средство совершенствования структур данных: учебное пособие для подготовки бакалавров},
  publisher = {Издательский дом ГУУ},
  year      = {2012},
  author    = {Моисеева, Е.И. and Аксюк, С.А.},
  isbn      = {9785215024096},
  language  = {russian},
  url       = {https://books.google.com.ua/books?id=Whq7kgEACAAJ},
}

@Book{sheldon2005beginning,
  title     = {Beginning MySQL},
  publisher = {Wiley},
  year      = {2005},
  author    = {Sheldon, R. and Moes, G.},
  series    = {Programmer to programmer},
  isbn      = {9780764579509},
  language  = {english},
  lccn      = {2004031058},
  url       = {https://books.google.com.ua/books?id=TFrbhHHxuXUC},
}

@Comment{jabref-meta: databaseType:bibtex;}
