% Encoding: windows-1251

@Standard{dstu3008,
  title       = {ДСТУ~3008:2015 Звіти у сфері науки і техніки},
  institution = {Український інститут науково-технічної і економічної інформації. Технічний комітет стандартизації <<Інформація і документація>>},
  language    = {ukrainian},
  address     = {К.},
  year        = {2015},
}

@Manual{metodlib001,
  title    = {Складання списків використаної літератури до курсових, дипломних та інших наукових робіт: методичні вказівки щодо проведення практичних занять},
  author   = {Пилип, А.Я. and Жолобко, Л.А.},
  address  = {Іванофранківськ},
  year     = {2013},
  language = {ukrainian},
}

@Standard{gost712006,
  title        = {{ДСТУ~ГОСТ~7.1:2006 Бібліографічний запис. Бібліографічний опис}},
  organization = {Міждержавна рада з питать стандартизації, метрології, сертифікації},
  institution  = {Український інститут науково-технічної і економічної інформації. Технічний комітет стандартизації <<Інформація і документація>>},
  language     = {ukrainian},
  year         = {2003},
}

@Article{vak001,
  title    = {Приклади оформлення бібліографічного опису у списку джерел, який наводять у дисертації, і списку опублікованих робіт, який наводять в авторефераті},
  journal  = {{Бюлетень ВАК України}},
  year     = {2008},
  number   = {3},
  pages    = {9--13},
  language = {ukrainian},
}

@Standard{gost7052008,
  title    = {ГОСТ~7.0.5:2008~Библиографическая ссылка},
  language = {russian},
}

@Online{word2010,
  title    = {Библиография в Word'е 2010 и 2013 по ГОСТ Р 7.0.5-2008},
  year     = {2012},
  language = {russian},
  url      = {http://det-random.livejournal.com/28819.html},
}

@Online{word002,
  title    = {Стиль библиографии для Word по ГОСТ Р ИСО 7.0.5 2008},
  year     = {2016},
  language = {russian},
  url      = {https://github.com/irandom/docs},
}

@Online{dstu3008bakal,
  title    = {Диплом бакалавра в LaTeX, или ДСТУ 3008-95 в 150 строк},
  year     = {2012},
  language = {russian},
  url      = {https://habrahabr.ru/post/144648/},
}

@Article{plag1,
  author   = {Аушра, Альгирдас},
  title    = {Научная электронная библиотека как средство борьбы с плагиатом},
  journal  = {Educational Technology \& Society},
  year     = {2006},
  language = {russian},
}

@Manual{metodgost002,
  title        = {ДСТУ ГОСТ 7.1:2006 «Бібліографічний запис, бібліографічний опис. Загальні вимоги та правила складання»: Методичні рекомендації з впровадження},
  author       = {Галевич, О. К. and Штогрин, I. М.},
  organization = {Львівський національний університет імені Івана Франка},
  address      = {Львів},
  year         = {2008},
  language     = {ukrainian},
  url          = {http://ftfsite.ru/wp-content/files/Library_Standart.pdf},
}

@Online{proto1,
  title    = {Что такое прототип сайта – создание и примеры},
  language = {russian},
  url      = {http://slavos.com/prototipy_sajta/},
}

@Online{adobe1,
  title    = {Копіювання CSS із шарів},
  language = {ukrainian},
  url      = {https://helpx.adobe.com/ua/photoshop/using/copy-css-shape-or-text.html},
}

@Standard{suya_551,
  title       = {Положення про академічну доброчесність},
  institution = {Херсонський політехнічний коледж Одеського національного політехнічного університету},
  author      = {Куценко, О. І. and Ротань, Н.В. and Яковенко, О. Є.},
  language    = {ukrainian},
  number      = {СУЯ – П – 5.51 – 2017},
  revision    = {01},
  address     = {Херсон},
  year        = {2017},
}

@Book{thalheim2000entity,
  title     = {Entity-Relationship Modeling: Foundations of Database Technology},
  publisher = {Springer},
  year      = {2000},
  author    = {Thalheim, B.},
  series    = {Lecture notes in computer science},
  isbn      = {9783540654704},
  language  = {english},
  lccn      = {99051358},
  url       = {https://books.google.com.ua/books?id=Xc3HAnPVQAYC},
}

@Book{ilush2014osnovi,
  title     = {Основы использования и проектирования баз данных: учебник для академического бакалавриа},
  publisher = {Юрайт},
  year      = {2014},
  author    = {Илюшечкин, В.М.},
  series    = {Бакалавр. Академический кур},
  address   = {М.},
  isbn      = {9785991641722},
  language  = {russian},
  numpages  = {213},
  url       = {https://books.google.com.ua/books?id=BYUyDQAAQBAJ},
}

@Book{mois2012,
  title     = {Проектирование баз данных. Нормализация как средство совершенствования структур данных: учебное пособие для подготовки бакалавров},
  publisher = {Издательский дом ГУУ},
  year      = {2012},
  author    = {Моисеева, Е.И. and Аксюк, С.А.},
  isbn      = {9785215024096},
  language  = {russian},
  url       = {https://books.google.com.ua/books?id=Whq7kgEACAAJ},
}

@Book{sheldon2005beginning,
  title     = {Beginning MySQL},
  publisher = {Wiley},
  year      = {2005},
  author    = {Sheldon, R. and Moes, G.},
  series    = {Programmer to programmer},
  isbn      = {9780764579509},
  language  = {english},
  lccn      = {2004031058},
  url       = {https://books.google.com.ua/books?id=TFrbhHHxuXUC},
}

@Book{kuznetsov2007,
  title     = {Самоучитель MySQL 5},
  publisher = {БХВ-Петербург},
  year      = {2007},
  author    = {Кузнецов, Максим Валерьевич},
  series    = {Самоучитель},
  isbn      = {9785941577545},
  language  = {russian},
  url       = {https://books.google.com.ua/books?id=SHuaVtueQlEC},
}

@Comment{jabref-meta: databaseType:bibtex;}
